@article{einstein,
    author = "Albert Einstein",
    title = "{Zur Elektrodynamik bewegter K{\"o}rper}. ({German})
    [{On} the electrodynamics of moving bodies]",
    journal = "Annalen der Physik",
    volume = "322",
    number = "10",
    pages = "891--921",
    year = "1905",
    DOI = "http://dx.doi.org/10.1002/andp.19053221004",
    keywords = "physics"
}

@book{modernaibook,
    title = {Artificial Intelligence: A Modern Approach (4th Edition)},
    author = {Stuart Russell and Peter Norvig},
    isbn = {9780134610993},
    year = {2020},
    publisher = {Pearson},
    keywords = {artificial intelligence}
}